@article{hoehn1975more,
  title={A More Elegant Method of Deriving the Quadratic Formula.},
  author={Hoehn, Larry},
  journal={Mathematics Teacher},
  volume={68},
  number={5},
  pages={442--443},
  year={1975},
  publisher={ERIC}
}